<?xml version="1.0" encoding="UTF-8"?><record xmlns="http://www.loc.gov/MARC21/slim" xmlns:cinclude="http://apache.org/cocoon/include/1.0" xmlns:zs="http://www.loc.gov/zing/srw/">
  <leader>00435nz  a2200145n  4500</leader>
  <controlfield tag="001">nb2009008390</controlfield>
  <controlfield tag="003">DLC</controlfield>
  <controlfield tag="005">20090404075221.0</controlfield>
  <controlfield tag="008">090402n| acannaabn          |n aaa      </controlfield>
  <datafield tag="010" ind1=" " ind2=" ">
    <subfield code="a">nb2009008390</subfield>
  </datafield>
  <datafield tag="035" ind1=" " ind2=" ">
    <subfield code="a">(Uk)007407501</subfield>
  </datafield>
  <datafield tag="040" ind1=" " ind2=" ">
    <subfield code="a">Uk</subfield>
    <subfield code="b">eng</subfield>
    <subfield code="c">Uk</subfield>
  </datafield>
  <datafield tag="100" ind1="1" ind2=" ">
    <subfield code="a">Thomas, Russell Brown,</subfield>
    <subfield code="d">1900-</subfield>
  </datafield>
  <datafield tag="670" ind1=" " ind2=" ">
    <subfield code="a">Luminous automatic donkey, [c1961]:</subfield>
    <subfield code="b">t.p. (Russell Thomas)</subfield>
  </datafield>
  <datafield tag="670" ind1=" " ind2=" ">
    <subfield code="a">LC database, 2 April 2009(hdg.: Thomas, Russell Brown, 1900-)</subfield>
  </datafield>
</record>